<?xml version="1.0" encoding="UTF-8"?><collection xmlns="http://www.loc.gov/MARC21/slim"><record><leader>00493nam--2200181-i-4500</leader><controlfield tag="001">000027177</controlfield><controlfield tag="002">20161230</controlfield><controlfield tag="005">20161230201036</controlfield><controlfield tag="008">060222s1000------------r-----000-0-eng-d</controlfield><datafield ind1=" " ind2=" " tag="040"><subfield code="a">IFIN-HH</subfield></datafield><datafield ind1=" " ind2=" " tag="080"><subfield code="a">524.83(047.3)</subfield></datafield><datafield ind1="1" ind2=" " tag="100"><subfield code="a">Kofman, L</subfield></datafield><datafield ind1="1" ind2="0" tag="245"><subfield code="a">Generation of density perturbations in the inflationary cosmology</subfield><subfield code="c">L. kofman, a. linde</subfield></datafield><datafield ind1=" " ind2=" " tag="260"><subfield code="a">Tallinn</subfield><subfield code="b">Academy Of Sciences</subfield><subfield code="c">1986</subfield></datafield><datafield ind1=" " ind2=" " tag="300"><subfield code="a">69P</subfield></datafield><datafield ind1="1" ind2=" " tag="700"><subfield code="a">Linde, A</subfield></datafield><datafield ind1=" " ind2=" " tag="852"><subfield code="a">73465</subfield><subfield code="c">523</subfield></datafield><datafield ind1=" " ind2=" " tag="CAT"><subfield code="a">Sys</subfield><subfield code="c">20141208</subfield><subfield code="h">134114</subfield></datafield></record></collection>